@Proceedings{dissect,
author={Dinu, Georgiana and Pham, The Nghia and Baroni, Marco},
title={DISSECT - DIStributional SEmantics Composition Toolkit},
series={Proceedings of the 51st Annual Meeting of the Association for Computational Linguistics: System Demonstrations},
year={2013},
publisher={Association for Computational Linguistics},
pages={31--36},
location={Sofia, Bulgaria},
url={http://aclweb.org/anthology/P13-4006}
}

@book{geometry,
address = {Stanford, CA, USA},
author = {Dominic Widdows},
publisher = {CLSI Publications},
title = {Geometry and Meaning},
year = 2004,
isbn = {1575864487}
}

